<collection xmlns="http://www.loc.gov/MARC21/slim"><record><leader>00801nam  2200229   450</leader><controlfield tag="001">498</controlfield><controlfield tag="003">http://montalegre.opacnet.com/OPAC/default.aspx?ContentAreaControl=ShowRegHoldings.ascx&amp;RegNo=16662</controlfield><datafield tag="021" ind1=" " ind2=" "><subfield code="a">PT</subfield><subfield code="b">17817/87</subfield></datafield><datafield tag="095" ind1=" " ind2=" "><subfield code="a">PTBN00130013</subfield></datafield><datafield tag="100" ind1=" " ind2=" "><subfield code="a">19880920d1987    m  y0pora010305  ba</subfield></datafield><datafield tag="101" ind1="1" ind2=" "><subfield code="a">por</subfield><subfield code="c">ger</subfield></datafield><datafield tag="102" ind1=" " ind2=" "><subfield code="a">PT</subfield></datafield><datafield tag="200" ind1="1" ind2=" "><subfield code="a">&lt;A &gt;angústia do guarda-redes antes do penalty</subfield><subfield code="f">Peter Handke</subfield><subfield code="g">trad. Maria Adélia Silva Melo</subfield></datafield><datafield tag="210" ind1=" " ind2=" "><subfield code="a">Lisboa</subfield><subfield code="c">Relógio d'Água</subfield><subfield code="d">D.L. 1987</subfield></datafield><datafield tag="215" ind1=" " ind2=" "><subfield code="a">100 p.</subfield><subfield code="d">21 cm</subfield></datafield><datafield tag="225" ind1="2" ind2=" "><subfield code="a">Ficções</subfield><subfield code="v">24</subfield></datafield><datafield tag="304" ind1=" " ind2=" "><subfield code="a">Tít. orig. : Die Angst des Formanns beim Elfmeter</subfield></datafield><datafield tag="675" ind1=" " ind2=" "><subfield code="a">830(436)-31</subfield><subfield code="v">BN</subfield><subfield code="z">por</subfield></datafield><datafield tag="700" ind1=" " ind2="1"><subfield code="a">Handke</subfield><subfield code="b">Peter</subfield><subfield code="f">1942-</subfield></datafield><datafield tag="702" ind1=" " ind2="1"><subfield code="a">Melo</subfield><subfield code="b">Maria Adélia Silva</subfield><subfield code="4">730</subfield></datafield><datafield tag="801" ind1=" " ind2="0"><subfield code="a">PT</subfield><subfield code="b">Biblioteca Municipal de Montalegre</subfield><subfield code="g">RPC</subfield></datafield><datafield tag="856" ind1=" " ind2=" "><subfield code="u">locateMedia.asp?cod=20060517152916&amp;ext=jpg</subfield><subfield code="z">CAPA</subfield></datafield><datafield tag="909" ind1="&#9;" ind2=" "><subfield code="a">1</subfield></datafield><datafield tag="966" ind1=" " ind2=" "><subfield code="a">0008769</subfield><subfield code="l">BMM</subfield><subfield code="s">SCG 821 HAN ang 24</subfield></datafield></record></collection>